<record><leader>00000cas a2200000 a 4500</leader><controlfield tag="001">36921191</controlfield><controlfield tag="008">970516d1994199ufluwr ne      0    0eng c</controlfield><datafield ind1=" " ind2=" " tag="010"><subfield code="a">sn 97027790 </subfield></datafield><datafield ind1=" " ind2=" " tag="040"><subfield code="a">FUG</subfield><subfield code="b">eng</subfield><subfield code="c">FUG</subfield><subfield code="d">OCLCQ</subfield><subfield code="d">OCLCF</subfield><subfield code="d">OCLCO</subfield></datafield><datafield ind1="1" ind2=" " tag="029"><subfield code="a">AU@</subfield><subfield code="b">000013250353</subfield></datafield><datafield ind1=" " ind2=" " tag="042"><subfield code="a">pcc</subfield></datafield><datafield ind1=" " ind2=" " tag="043"><subfield code="a">n-us-fl</subfield></datafield><datafield ind1="0" ind2=" " tag="130"><subfield code="a">Dolphin (Anna Maria, Fla.)</subfield></datafield><datafield ind1="1" ind2="4" tag="245"><subfield code="a">The dolphin.</subfield></datafield><datafield ind1=" " ind2=" " tag="260"><subfield code="a">Anna Maria City, Fla. :</subfield><subfield code="b">Dolphin Pub.</subfield></datafield><datafield ind1=" " ind2=" " tag="300"><subfield code="a">v. :</subfield><subfield code="b">ill. (some col.) ;</subfield><subfield code="c">45 cm.</subfield></datafield><datafield ind1=" " ind2=" " tag="310"><subfield code="a">Weekly</subfield></datafield><datafield ind1="1" ind2=" " tag="362"><subfield code="a">Began in 1994.</subfield></datafield><datafield ind1=" " ind2=" " tag="500"><subfield code="a">Dennis Friedel, editor &amp; publisher.</subfield></datafield><datafield ind1=" " ind2=" " tag="500"><subfield code="a">"Serving Anna Maria Island &amp; vicinity."</subfield></datafield><datafield ind1=" " ind2=" " tag="500"><subfield code="a">"People helping people."</subfield></datafield><datafield ind1=" " ind2=" " tag="500"><subfield code="a">Published at Anna Maria City, &lt;1994-Mar. 22, 1995&gt;; at Holmes Beach, &lt;Apr. 12-Nov. 8, 1995&gt;.</subfield></datafield><datafield ind1=" " ind2=" " tag="588"><subfield code="a">Description based on: Vol. 1, no. 4 (Apr. 21, 1994).</subfield></datafield><datafield ind1=" " ind2=" " tag="588"><subfield code="a">Latest issue consulted: Vol. 2, no. 33 (Nov. 8, 1995).</subfield></datafield><datafield ind1=" " ind2="0" tag="651"><subfield code="a">Anna Maria (Fla.)</subfield><subfield code="v">Newspapers.</subfield></datafield><datafield ind1=" " ind2="0" tag="651"><subfield code="a">Holmes Beach (Fla.)</subfield><subfield code="v">Newspapers.</subfield></datafield><datafield ind1=" " ind2="0" tag="651"><subfield code="a">Manatee County (Fla.)</subfield><subfield code="v">Newspapers.</subfield></datafield><datafield ind1=" " ind2="7" tag="655"><subfield code="a">Newspapers.</subfield><subfield code="2">fast</subfield><subfield code="0">(OCoLC)fst01423814</subfield></datafield><datafield ind1=" " ind2="7" tag="651"><subfield code="a">Florida</subfield><subfield code="z">Anna Maria.</subfield><subfield code="2">fast</subfield><subfield code="0">(OCoLC)fst01226972</subfield></datafield><datafield ind1=" " ind2="7" tag="651"><subfield code="a">Florida</subfield><subfield code="z">Holmes Beach.</subfield><subfield code="2">fast</subfield><subfield code="0">(OCoLC)fst01226976</subfield></datafield><datafield ind1=" " ind2="7" tag="651"><subfield code="a">Florida</subfield><subfield code="z">Manatee County.</subfield><subfield code="2">fast</subfield><subfield code="0">(OCoLC)fst01211771</subfield></datafield><datafield ind1=" " ind2=" " tag="752"><subfield code="a">United States</subfield><subfield code="b">Florida</subfield><subfield code="c">Manatee</subfield><subfield code="d">Anna Maria.</subfield></datafield><datafield ind1=" " ind2=" " tag="752"><subfield code="a">United States</subfield><subfield code="b">Florida</subfield><subfield code="c">Manatee</subfield><subfield code="d">Holmes Beach.</subfield></datafield></record>